<record><leader>00000cas a22000001a 4500</leader><controlfield tag="001">32267158</controlfield><controlfield tag="007">hd afb016baca</controlfield><controlfield tag="007">hd bfb016baaa</controlfield><controlfield tag="008">950406d18911978caudr nea     0   a0eng c</controlfield><datafield ind1=" " ind2=" " tag="010"><subfield code="a">sn 94085970 </subfield></datafield><datafield ind1=" " ind2=" " tag="040"><subfield code="a">NN</subfield><subfield code="b">eng</subfield><subfield code="c">RQM</subfield><subfield code="d">OCLCQ</subfield><subfield code="d">OCLCF</subfield><subfield code="d">OCLCO</subfield><subfield code="d">OCLCQ</subfield></datafield><datafield ind1=" " ind2=" " tag="012"><subfield code="i">9504</subfield></datafield><datafield ind1=" " ind2=" " tag="042"><subfield code="a">pcc</subfield></datafield><datafield ind1=" " ind2=" " tag="043"><subfield code="a">n-us-ca</subfield></datafield><datafield ind1="0" ind2=" " tag="130"><subfield code="a">Oakland tribune (Oakland, Calif. : 1891)</subfield></datafield><datafield ind1="1" ind2="0" tag="245"><subfield code="a">Oakland tribune.</subfield></datafield><datafield ind1="3" ind2="0" tag="246"><subfield code="a">Oakland Sunday tribune</subfield></datafield><datafield ind1="3" ind2="0" tag="246"><subfield code="a">Sunday Oakland tribune</subfield></datafield><datafield ind1="3" ind2="0" tag="246"><subfield code="a">Oakland Saturday tribune</subfield></datafield><datafield ind1="3" ind2="0" tag="246"><subfield code="a">Saturday Oakland tribune</subfield></datafield><datafield ind1=" " ind2=" " tag="260"><subfield code="a">Oakland, Calif. :</subfield><subfield code="b">Tribune Pub. Co.,</subfield><subfield code="c">1891-1978.</subfield></datafield><datafield ind1=" " ind2=" " tag="300"><subfield code="a">volumes :</subfield><subfield code="b">illustrations ;</subfield><subfield code="c">57-62 cm</subfield></datafield><datafield ind1=" " ind2=" " tag="310"><subfield code="a">Daily</subfield></datafield><datafield ind1=" " ind2=" " tag="336"><subfield code="a">text</subfield><subfield code="b">txt</subfield><subfield code="2">rdacontent</subfield></datafield><datafield ind1=" " ind2=" " tag="337"><subfield code="a">microform</subfield><subfield code="b">h</subfield><subfield code="2">rdamedia</subfield></datafield><datafield ind1=" " ind2=" " tag="338"><subfield code="a">microfilm reel</subfield><subfield code="b">hd</subfield><subfield code="2">rdacarrier</subfield></datafield><datafield ind1="0" ind2=" " tag="362"><subfield code="a">Vol. 32, no. 38 (Aug. 28, 1891)-v. 105, no. 253 (Sept. 10, 1978).</subfield></datafield><datafield ind1=" " ind2=" " tag="500"><subfield code="a">On Sundays published as: Oakland Sunday tribune, July 5, 1964-Feb. 9, 1975, Dec. 19, 1976-Sept. 10, 1978.</subfield></datafield><datafield ind1=" " ind2=" " tag="500"><subfield code="a">On Saturdays published as: Oakland Saturday tribune, Mar. 15, 1969-Feb. 1, 1975.</subfield></datafield><datafield ind1=" " ind2=" " tag="500"><subfield code="a">"Oakland" appears above masthead ornament on Sundays, July 5, 1964-Feb. 2, 1975; on Saturdays, Mar. 15, 1969-Feb. 1, 1975.</subfield></datafield><datafield ind1=" " ind2=" " tag="500"><subfield code="a">Published in various editions: Alameda County ed., City ed., Contra Costa ed., Greater Oakland ed., Home ed., Southern Alameda County ed., Valley ed.</subfield></datafield><datafield ind1=" " ind2=" " tag="533"><subfield code="a">Microfilm.</subfield><subfield code="m">Apr. 18-June 30,1906:[Gaps]</subfield><subfield code="b">New York :</subfield><subfield code="c">New York Public Library,</subfield><subfield code="d">[19--].</subfield><subfield code="e">2 microfilm reels ; 35 mm.</subfield></datafield><datafield ind1=" " ind2="0" tag="651"><subfield code="a">Oakland (Calif.)</subfield><subfield code="v">Newspapers.</subfield></datafield><datafield ind1=" " ind2="7" tag="651"><subfield code="a">California</subfield><subfield code="z">Oakland.</subfield><subfield code="2">fast</subfield><subfield code="0">(OCoLC)fst01206605</subfield></datafield><datafield ind1=" " ind2="7" tag="655"><subfield code="a">Newspapers.</subfield><subfield code="2">fast</subfield><subfield code="0">(OCoLC)fst01423814</subfield></datafield><datafield ind1=" " ind2=" " tag="752"><subfield code="a">United States</subfield><subfield code="b">California</subfield><subfield code="c">Alameda</subfield><subfield code="d">Oakland.</subfield></datafield><datafield ind1="1" ind2=" " tag="776"><subfield code="c">Original</subfield><subfield code="w">(DLC)sn 82014923</subfield></datafield><datafield ind1="0" ind2="0" tag="780"><subfield code="t">Oakland daily evening tribune</subfield></datafield><datafield ind1="0" ind2="0" tag="785"><subfield code="t">Tribune (Oakland, Calif. : 1978)</subfield></datafield><datafield ind1=" " ind2=" " tag="850"><subfield code="a">NN</subfield><subfield code="a">NN (master)</subfield></datafield><datafield ind1="1" ind2=" " tag="029"><subfield code="a">AU@</subfield><subfield code="b">000024762048</subfield></datafield></record>